\usepackage[style=alphabetic,maxnames=4,minnames=3,maxbibnames=99]{biblatex}

@book{《单片机基础实验、课程设计与习题解答》,
  title={《单片机基础实验、课程设计与习题解答》},
  author={张毅刚},
  publisher={人民邮电出版社}, 
  year={2020}, 
  address={北京}, 
  edition={}, 
  isbn={} 
}

@book{《单片机原理及应用技术》,
  title={《单片机原理及应用技术》},
  author={吴黎明，王桂棠，唐露新等},
  publisher={科学出版社}, 
  year={2011}, 
  address={}, 
  edition={2}, 
  isbn={} 
}

@book{《单片机中级教程-原理与应用》,
  title={《单片机中级教程-原理与应用》},
  author={张俊谟等},
  publisher={北京航空航天大学出版社}, 
  year={2002}, 
  address={北京}, 
  edition={}, 
  isbn={} 
}

@book{《单片微机测控系统设计大全》,
  title={《单片微机测控系统设计大全》},
  author={王福瑞等},
  publisher={北京航空航天大学出版社}, 
  year={2001}, 
  address={北京}, 
  edition={}, 
  isbn={} 
}


@book{《单片机外围电路设计》,
  title={《单片机外围电路设计》},
  author={沙占友等},
  publisher={电子工业出版社}, 
  year={2003}, 
  address={北京}, 
  edition={}, 
  isbn={} 
}